<?xml version="1.0" encoding="UTF-8"?>
<record xmlns="http://www.loc.gov/MARC21/slim">
   <leader>01426cam a2200301 a 4500</leader>
   <controlfield tag="001">1796603</controlfield>
   <controlfield tag="003">NjP</controlfield>
   <controlfield tag="005">20190911133430.0</controlfield>
   <controlfield tag="008">980629s1949    ua fh    b    001 0 arard</controlfield>
   <datafield tag="024" ind1="7" ind2=" ">
      <subfield code="a">princeton_aco004795</subfield>
      <subfield code="2">local</subfield>
   </datafield>
   <datafield ind1=" " ind2=" " tag="010">
      <subfield code="a">   78242937 /NE </subfield>
   </datafield>
   <datafield ind1=" " ind2=" " tag="035">
      <subfield code="a">(CStRLIN)NJPG98-B40196</subfield>
   </datafield>
   <datafield ind1=" " ind2=" " tag="035">
      <subfield code="9">CGB0543TS</subfield>
   </datafield>
   <datafield ind1=" " ind2=" " tag="040">
      <subfield code="a">DLC</subfield>
      <subfield code="c">DLC</subfield>
      <subfield code="d">CU-SB</subfield>
   </datafield>
   <datafield ind1=" " ind2=" " tag="043">
      <subfield code="a">a-ye---</subfield>
   </datafield>
   <datafield ind1="0" ind2="0" tag="050">
      <subfield code="a">CS1128.Y4</subfield>
      <subfield code="b">H3</subfield>
   </datafield>
   <datafield ind1=" " ind2=" " tag="035">
      <subfield code="a">(OCoLC)ocm12223781</subfield>
   </datafield>
   <datafield ind1="1" ind2=" " tag="100">
      <subfield code="a">Hamdānī, al-Ḥasan ibn Aḥmad,</subfield>
      <subfield code="d">-945.</subfield>
      <subfield code="0">http://id.loc.gov/authorities/names/n80133102</subfield>
   </datafield>
   <datafield ind1="1" ind2="0" tag="240">
      <subfield code="a">Iklīl.</subfield>
      <subfield code="n">Juzʾ 10.</subfield>
   </datafield>
   <datafield ind1="1" ind2="3" tag="245">
      <subfield code="a">al-Iklīl min akhbār al-Yaman wa-ansāb Ḥimyar.</subfield>
      <subfield code="n">al-Kitāb al-ʻāshir :</subfield>
      <subfield code="b">fī maʻārif Hamdān wa-ansābihā wa-ʻuyūn akhbārihā /</subfield>
      <subfield code="c">taṣnīf Lisān al-Yaman Abī Muḥammad al-Ḥasan ibn Aḥmad ibn Yaʻqūb al-Hamdanī ; ḥaqqaqahu wa-ʻallaqa ḥawāshiyahu wa-waqafa ʻalá ṭabʻihi Muḥibb al-Dīn al-Khaṭīb.</subfield>
   </datafield>
   <datafield ind1=" " ind2=" " tag="260">
      <subfield code="a">al-Qāhirah :</subfield>
      <subfield code="b">al-Maṭbaʻah al-Salafīyah wa-Maktabatuhā,</subfield>
      <subfield code="c">1368 [1949]</subfield>
   </datafield>
   <datafield ind1=" " ind2=" " tag="300">
      <subfield code="a">20, 376 p., [1] leaf of plates :</subfield>
      <subfield code="b">facsim. ;</subfield>
      <subfield code="c">22 cm.</subfield>
   </datafield>
   <datafield ind1=" " ind2=" " tag="504">
      <subfield code="a">Includes bibliographical references and indexes.</subfield>
   </datafield>
   <datafield ind1=" " ind2="0" tag="651">
      <subfield code="a">Yemen</subfield>
      <subfield code="x">Genealogy</subfield>
      <subfield code="x">Early works to 1800.</subfield>
   </datafield>
   <datafield ind1="1" ind2=" " tag="700">
      <subfield code="a">Khaṭīb, Muḥibb al-Dīn.</subfield>
   </datafield>
   <datafield ind1=" " ind2=" " tag="998">
      <subfield code="a">06/29/98</subfield>
      <subfield code="s">9110</subfield>
      <subfield code="n">NjP</subfield>
      <subfield code="w">CASX92B23595</subfield>
      <subfield code="d">06/29/98</subfield>
      <subfield code="c">RGM</subfield>
      <subfield code="b">RGM</subfield>
      <subfield code="i">980629</subfield>
      <subfield code="l">NJPG</subfield>
   </datafield>
   <datafield ind1=" " ind2=" " tag="948">
      <subfield code="a">CON</subfield>
   </datafield>
   <datafield ind1=" " ind2=" " tag="911">
      <subfield code="a">19980806</subfield>
   </datafield>
   <datafield ind1=" " ind2=" " tag="912">
      <subfield code="a">19980629000000.0</subfield>
   </datafield>
   <datafield ind1="0" ind2="0" tag="852">
      <subfield code="0">2061242</subfield>
      <subfield code="b">rcppa</subfield>
      <subfield code="t">1</subfield>
      <subfield code="h">CS1128.Y4</subfield>
      <subfield code="i">H3 1949</subfield>
      <subfield code="x">tr fr nec</subfield>
   </datafield>
   <datafield ind1=" " ind2=" " tag="959">
      <subfield code="a">2000-06-13 00:00:00 -0500</subfield>
   </datafield>
</record>
